@book{cravens2014building,
  title={Building Web Apps with Ember. js},
  author={Cravens, Jesse and Brady, Thomas Q},
  year={2014},
  publisher={" O'Reilly Media, Inc."}
}
@book{green2013angularjs,
	title={AngularJS},
	author={Green, Brad and Seshadri, Shyam},
	year={2013},
	publisher={" O'Reilly Media, Inc."}
}

@inproceedings{david2006safe,
	title={Safe dynamic reconfigurations of fractal architectures with fscript},
	author={David, Pierre-Charles and Ledoux, Thomas and others},
	booktitle={Proceeding of Fractal CBSE Workshop, ECOOP},
	volume={6},
	year={2006}
}

@article{grace2005reflective,
	title={A reflective framework for discovery and interaction in heterogeneous mobile environments},
	author={Grace, Paul and Blair, Gordon S and Samuel, Sam},
	journal={ACM SIGMOBILE Mobile Computing and Communications Review},
	volume={9},
	number={1},
	pages={2--14},
	year={2005},
	publisher={ACM}
}

@book{osmani2013developing,
	title={Developing Backbone. js Applications},
	author={Osmani, Addy},
	year={2013},
	publisher={" O'Reilly Media, Inc."}
}

@book{monteiro2014learning,
	title={Learning Single-page Web Application Development},
	author={Monteiro, Fernando},
	year={2014},
	publisher={Packt Publishing Ltd}
}
@MISC{googlesearch,
	title={Demystifying SEO with experiments},
	date={2015},
	author= {Julie Ahn},
	url={https://engineering.pinterest.com/blog/demystifying-seo-experiments}
	}

@book{fedosejev2015react,
	title={React. js Essentials},
	author={Fedosejev, Artemij},
	year={2015},
	publisher={Packt Publishing Ltd}
}
@book{115158,
	author = {Gamma, Erich and Helm, Richard and Johnson, Ralph and Vlissides, John},
	edition = {1},
	howpublished = {Hardcover},
	isbn = {0201633612},
	keywords = {design, development, pattern, software},
	month = nov,
	posted-at = {2007-03-30 12:18:30},
	priority = {2},
	publisher = {Addison-Wesley Professional},
	title = {{Design Patterns: Elements of Reusable Object-Oriented Software}},
	url = {http://www.amazon.com/exec/obidos/redirect?tag=citeulike07-20\&path=ASIN/0201633612},
	year = {1994}
}

@book{schmidt2013pattern,
	title={Pattern-Oriented Software Architecture, Patterns for Concurrent and Networked Objects},
	author={Schmidt, Douglas C and Stal, Michael and Rohnert, Hans and Buschmann, Frank},
	volume={2},
	year={2013},
	publisher={John Wiley \& Sons}
}

@Inproceedings {150010,

author       = {Benjamin S. Lerner and Brian Burg and Wolfram Schulte and H Venter},
booktitle    = {2nd USENIX Conference on Web Application Development},
month        = {June},
publisher    = {USENIX},
title        = {C3: An Experimental, Extensible, Reconfigurable Platform for HTML-based Applications},
url          = {http://research.microsoft.com/apps/pubs/default.aspx?id=150010},
year         = {2011},
}

@article{bruneton2006fractal,
	title={The fractal component model and its support in java},
	author={Bruneton, Eric and Coupaye, Thierry and Leclercq, Matthieu and Qu{\'e}ma, Vivien and Stefani, Jean-Bernard},
	journal={Software-Practice and Experience},
	volume={36},
	number={11},
	pages={1257--1284},
	year={2006},
	publisher={London, New York, Wiley Interscience [etc.]}
}


@inproceedings{escoffier:hal-00854339,
	TITLE = {{h-ubu: An Industrial-Strength Service-Oriented Component Framework for JavaScript Applications}},
	AUTHOR = {Escoffier, Cl{\'e}ment and Lalanda, Philippe and Rempulski, Nicolas},
	URL = {https://hal.archives-ouvertes.fr/hal-00854339},
	NOTE = {Industrial track: Effective Industry Use of Software-Engineering Tools},
	BOOKTITLE = {{FSE 2013 - ACM SIGSOFT Symposium on the Foundations of Software Engineering}},
	ADDRESS = {Saint Petersburg, Russia},
	EDITOR = {Bertrand Meyer, Luciano Baresi, Mira Mezini},
	PUBLISHER = {{ACM}},
	PAGES = {699-702},
	YEAR = {2013},
	MONTH = Aug,
	KEYWORDS = {Adaptation ; Service-orientation ; Dynamism ; JavaScript},
	PDF = {https://hal.archives-ouvertes.fr/hal-00854339/file/FSE_-_Camera_Ready_-_final.pdf},
	HAL_ID = {hal-00854339},
	HAL_VERSION = {v1},
}

@inproceedings{DBLP:conf/models/FleureyMSB11,
	author    = {Franck Fleurey and
	Brice Morin and
	Arnor Solberg and
	Olivier Barais},
	title     = {{MDE} to Manage Communications with and between Resource-Constrained
	Systems},
	booktitle = {Model Driven Engineering Languages and Systems, 14th International
	Conference, {MODELS} 2011, Wellington, New Zealand, October 16-21,
	2011. Proceedings},
	pages     = {349--363},
	year      = {2011},
	crossref  = {DBLP:conf/models/2011},
	timestamp = {Fri, 14 Oct 2011 19:04:17 +0200},
	biburl    = {http://dblp.uni-trier.de/rec/bib/conf/models/FleureyMSB11},
	bibsource = {dblp computer science bibliography, http://dblp.org}
}
@proceedings{DBLP:conf/models/2011,
	editor    = {Jon Whittle and
	Tony Clark and
	Thomas K{\"{u}}hne},
	title     = {Model Driven Engineering Languages and Systems, 14th International
	Conference, {MODELS} 2011, Wellington, New Zealand, October 16-21,
	2011. Proceedings},
	series    = {Lecture Notes in Computer Science},
	volume    = {6981},
	publisher = {Springer},
	year      = {2011},
	url       = {http://dx.doi.org/10.1007/978-3-642-24485-8},
	doi       = {10.1007/978-3-642-24485-8},
	isbn      = {978-3-642-24484-1},
	timestamp = {Fri, 14 Oct 2011 19:02:45 +0200},
	biburl    = {http://dblp.uni-trier.de/rec/bib/conf/models/2011},
	bibsource = {dblp computer science bibliography, http://dblp.org}
}


@inproceedings{DBLP:conf/icse/MorinBNJ09,
	author    = {Brice Morin and
	Olivier Barais and
	Gr{\'{e}}gory Nain and
	Jean{-}Marc J{\'{e}}z{\'{e}}quel},
	title     = {Taming Dynamically Adaptive Systems using models and aspects},
	booktitle = {31st International Conference on Software Engineering, {ICSE} 2009,
	May 16-24, 2009, Vancouver, Canada, Proceedings},
	pages     = {122--132},
	year      = {2009},
	crossref  = {DBLP:conf/icse/2009},
	url       = {http://dx.doi.org/10.1109/ICSE.2009.5070514},
	doi       = {10.1109/ICSE.2009.5070514},
	timestamp = {Mon, 10 Aug 2015 17:53:05 +0200},
	biburl    = {http://dblp.uni-trier.de/rec/bib/conf/icse/MorinBNJ09},
	bibsource = {dblp computer science bibliography, http://dblp.org}
}
@proceedings{DBLP:conf/icse/2009,
	title     = {31st International Conference on Software Engineering, {ICSE} 2009,
	May 16-24, 2009, Vancouver, Canada, Proceedings},
	publisher = {{IEEE}},
	year      = {2009},
	isbn      = {978-1-4244-3452-7},
	timestamp = {Tue, 16 Jun 2009 14:48:24 +0200},
	biburl    = {http://dblp.uni-trier.de/rec/bib/conf/icse/2009},
	bibsource = {dblp computer science bibliography, http://dblp.org}
}

@book{hall2011osgi,
	title={OSGi in action: Creating modular applications in Java},
	author={Hall, Richard and Pauls, Karl and McCulloch, Stuart and Savage, David},
	year={2011},
	publisher={Manning Publications Co.}
}

@article{beugnard1999making,
	title={Making components contract aware},
	author={Beugnard, Antoine and J{\'e}z{\'e}quel, Jean-Marc and Plouzeau, No{\"e}l and Watkins, Damien},
	journal={Computer},
	volume={32},
	number={7},
	pages={38--45},
	year={1999},
	publisher={IEEE}
}

@inproceedings{dhiman2012google,
	title={Google's Go and Dart: parallelism and structured web development for better analytics and applications},
	author={Dhiman, Karan and Quach, Benson},
	booktitle={Proceedings of the 2012 Conference of the Center for Advanced Studies on Collaborative Research},
	pages={253--254},
	year={2012},
	organization={IBM Corp.}
}

@inproceedings{rastogi2015safe,
	title={Safe \& efficient gradual typing for TypeScript},
	author={Rastogi, Aseem and Swamy, Nikhil and Fournet, C{\'e}dric and Bierman, Gavin and Vekris, Panagiotis},
	booktitle={Proceedings of the 42nd Annual ACM SIGPLAN-SIGACT Symposium on Principles of Programming Languages},
	pages={167--180},
	year={2015},
	organization={ACM}
}